<?xml version="1.0" encoding="UTF-8"?><record xmlns="http://www.loc.gov/MARC21/slim" xmlns:cinclude="http://apache.org/cocoon/include/1.0" xmlns:zs="http://www.loc.gov/zing/srw/">
  <leader>00827cz  a2200169n  4500</leader>
  <controlfield tag="001">n  93010826 </controlfield>
  <controlfield tag="003">DLC</controlfield>
  <controlfield tag="005">20120111084805.0</controlfield>
  <controlfield tag="008">930205n| acannaabn          |n aaa      </controlfield>
  <datafield tag="010" ind1=" " ind2=" ">
    <subfield code="a">n  93010826 </subfield>
  </datafield>
  <datafield tag="035" ind1=" " ind2=" ">
    <subfield code="a">(OCoLC)oca03312017</subfield>
  </datafield>
  <datafield tag="040" ind1=" " ind2=" ">
    <subfield code="a">DLC</subfield>
    <subfield code="b">eng</subfield>
    <subfield code="c">DLC</subfield>
    <subfield code="d">NNFr</subfield>
  </datafield>
  <datafield tag="100" ind1="1" ind2=" ">
    <subfield code="a">Vašíček, Vladimír,</subfield>
    <subfield code="d">1919-2003</subfield>
  </datafield>
  <datafield tag="670" ind1=" " ind2=" ">
    <subfield code="a">His Obrazy, kvaše, kresby, 1986:</subfield>
    <subfield code="b">t.p. (Vladimír Vašíček) p. 3 of cover (b. 9-29-19)</subfield>
  </datafield>
  <datafield tag="670" ind1=" " ind2=" ">
    <subfield code="a">Paleta zhavena sluncem jihu Moravy, 2009:</subfield>
    <subfield code="b">p. 9. (Vladimír Vašíček) p. 82 (b. Sept. 29, 1919, Mistříně) p. 84 (d. Aug. 29, 2003)</subfield>
  </datafield>
  <datafield tag="670" ind1=" " ind2=" ">
    <subfield code="a">Wikipedia, Jan. 6, 2012</subfield>
    <subfield code="b">(Vladimír Vašíček; Sept 29, 1919-Aug. 29, 2003; Czech painter; pioneer of modern and abstract painting after WWII)</subfield>
  </datafield>
  <datafield tag="670" ind1=" " ind2=" ">
    <subfield code="a">DNB and CNL in VIAF, Jan. 6, 2012</subfield>
    <subfield code="b">(Vašíček, Vladimír; 1919-2003)</subfield>
  </datafield>
</record>